{"list":[{"time":1457615096078,"type":"sell","amount":586.9131,"price":0.0046},{"time":1404012021993,"type":"sell","amount":9163.8261,"price":0.0015},{"time":1305343357417,"type":"sell","amount":4543.3272,"price":0.0091},{"time":1475431415466,"type":"buy","amount":7558.9217,"price":0.0094},{"time":1460992725076,"type":"buy","amount":9739.2205,"price":0.0039},{"time":1454237471948,"type":"sell","amount":1771.1939,"price":0.0046},{"time":1298066609145,"type":"sell","amount":1240.2989,"price":0.0078},{"time":1383969408466,"type":"buy","amount":4173.5261,"price":0.005},{"time":1363201514979,"type":"sell","amount":6149.5726,"price":0.0022},{"time":1447324307485,"type":"sell","amount":6300.0875,"price":0.0015},{"time":1473014235117,"type":"sell","amount":4173.6414,"price":0.0048},{"time":1412074349381,"type":"sell","amount":361.5092,"price":0.0096},{"time":1364693052811,"type":"buy","amount":1276.3367,"price":0.0086},{"time":1478138085933,"type":"sell","amount":9069.3236,"price":0.0078},{"time":1299754610588,"type":"sell","amount":8803.5668,"price":0.005},{"time":1326788633414,"type":"buy","amount":6544.205,"price":0.0085},{"time":1359130626512,"type":"sell","amount":9321.7011,"price":0.0082},{"time":1508663693943,"type":"sell","amount":1299.9368,"price":0.0011},{"time":1350161952435,"type":"buy","amount":8140.3995,"price":0.0032},{"time":1498327057411,"type":"buy","amount":2191.4731,"price":0.0046},{"time":1361846024233,"type":"buy","amount":1852.5923,"price":0.0026},{"time":1520182593062,"type":"sell","amount":6718.6656,"price":0.0093},{"time":1425774995504,"type":"sell","amount":7714.4844,"price":0.0019},{"time":1324538471206,"type":"sell","amount":4905.25,"price":0.0055},{"time":1413799765295,"type":"buy","amount":5244.7764,"price":0.003},{"time":1296401550220,"type":"buy","amount":970.8442,"price":0.0017},{"time":1420663406681,"type":"sell","amount":7309.1969,"price":0.0037},{"time":1318772008908,"type":"buy","amount":8609.545,"price":0.0048},{"time":1438014339524,"type":"buy","amount":5533.7832,"price":0.0072},{"time":1315690848099,"type":"buy","amount":9582.5546,"price":0.0061},{"time":1351438528692,"type":"sell","amount":6867.2419,"price":0.0033},{"time":1481434102808,"type":"buy","amount":4242.8028,"price":0.0076},{"time":1312328538829,"type":"sell","amount":6798.117,"price":0.0004},{"time":1350305262841,"type":"buy","amount":9484.1354,"price":0.0081},{"time":1474076864575,"type":"sell","amount":834.5566,"price":0.0054},{"time":1469344895579,"type":"buy","amount":6776.1102,"price":0.0016},{"time":1518234951438,"type":"buy","amount":4969.4833,"price":0.0026},{"time":1417977302896,"type":"sell","amount":7652.186,"price":0.0042},{"time":1387788955974,"type":"buy","amount":8322.5379,"price":0.0082},{"time":1368175776100,"type":"buy","amount":7158.966,"price":0.0063},{"time":1408380532489,"type":"sell","amount":4081.7641,"price":0.0026},{"time":1495876689241,"type":"buy","amount":9387.0693,"price":0.004},{"time":1320754644548,"type":"sell","amount":9558.5936,"price":0.0006},{"time":1488480198281,"type":"buy","amount":9293.4316,"price":0.0055},{"time":1459711683999,"type":"sell","amount":1414.6318,"price":0.0016},{"time":1494916730008,"type":"buy","amount":7318.5043,"price":0.0012},{"time":1412223424529,"type":"sell","amount":8570.4134,"price":0.0018},{"time":1340781268290,"type":"sell","amount":7240.2213,"price":0.0046},{"time":1445920970917,"type":"sell","amount":6828.2365,"price":0.0005},{"time":1357570832817,"type":"buy","amount":7116.9496,"price":0.0089}]}