{"list":[{"time":1428478155453,"type":"sell","amount":1799.8583,"price":0.0016},{"time":1402553298276,"type":"buy","amount":5664.9341,"price":0.0007},{"time":1292466453436,"type":"buy","amount":2973.7097,"price":0.0007},{"time":1347409164852,"type":"buy","amount":4309.681,"price":0.0092},{"time":1357910054627,"type":"sell","amount":713.108,"price":0.0008},{"time":1412699357986,"type":"sell","amount":466.7727,"price":0.0056},{"time":1324495768912,"type":"sell","amount":9899.3572,"price":0.0052},{"time":1501476931846,"type":"buy","amount":4701.7344,"price":0.0042},{"time":1388633383170,"type":"sell","amount":808.3044,"price":0.0084},{"time":1292620712041,"type":"buy","amount":2503.0261,"price":0.0095},{"time":1379410944720,"type":"buy","amount":4245.6066,"price":0.0005},{"time":1434360756492,"type":"buy","amount":4858.503,"price":0.0036},{"time":1357814600233,"type":"sell","amount":9807.9592,"price":0.0026},{"time":1399386989140,"type":"buy","amount":8140.0565,"price":0.0068},{"time":1398694642923,"type":"sell","amount":919.3299,"price":0.0068},{"time":1466184165409,"type":"sell","amount":8192.2764,"price":0.0074},{"time":1466676398443,"type":"buy","amount":6815.3153,"price":0.0066},{"time":1411882811335,"type":"buy","amount":7625.8626,"price":0.0099},{"time":1487223883073,"type":"buy","amount":635.8902,"price":0.0076},{"time":1402297954277,"type":"buy","amount":2950.9345,"price":0.0033},{"time":1445370670440,"type":"sell","amount":5616.6228,"price":0.0015},{"time":1409856326728,"type":"buy","amount":4618.5124,"price":0.0073},{"time":1364715147754,"type":"sell","amount":4359.7588,"price":0.0075},{"time":1350256255964,"type":"sell","amount":9436.2064,"price":0.0057},{"time":1448235192472,"type":"buy","amount":9135.898,"price":0.0091},{"time":1400484648700,"type":"buy","amount":259.3074,"price":0.0009},{"time":1427120515094,"type":"sell","amount":8640.8706,"price":0.0097},{"time":1446781661914,"type":"sell","amount":7676.477,"price":0.0044},{"time":1312962066295,"type":"buy","amount":5964.3366,"price":0.0071},{"time":1367967661151,"type":"sell","amount":9750.7511,"price":0.0051},{"time":1506647086212,"type":"sell","amount":4273.3307,"price":0.0082},{"time":1314990272954,"type":"sell","amount":4182.2297,"price":0.0015},{"time":1311417238652,"type":"buy","amount":3987.8042,"price":0.0098},{"time":1515230000412,"type":"buy","amount":9557.6177,"price":0.0043},{"time":1404804587139,"type":"buy","amount":8110.8587,"price":0.0043},{"time":1499063983318,"type":"buy","amount":3648.1509,"price":0.0055},{"time":1373843562038,"type":"sell","amount":9030.9359,"price":0.0087},{"time":1334654033459,"type":"sell","amount":4676.3967,"price":0.0004},{"time":1300167908321,"type":"sell","amount":2573.9813,"price":0.0012},{"time":1344373407144,"type":"sell","amount":9753.4343,"price":0.002},{"time":1429791052988,"type":"buy","amount":9939.6919,"price":0.0001},{"time":1360787052915,"type":"buy","amount":5731.753,"price":0.0093},{"time":1462399322243,"type":"buy","amount":5693.9701,"price":0.0062},{"time":1353481480594,"type":"buy","amount":3665.0485,"price":0.004},{"time":1371620781480,"type":"buy","amount":1460.6075,"price":0.0086},{"time":1504274253856,"type":"buy","amount":8777.4438,"price":0.0073},{"time":1390078134427,"type":"sell","amount":4703.4709,"price":0.0067},{"time":1338480652395,"type":"buy","amount":1367.9278,"price":0.0004},{"time":1521122423352,"type":"buy","amount":6316.9218,"price":0.0062},{"time":1506048426940,"type":"buy","amount":469.8544,"price":0.0007}]}